@article{hufford2012comparative,
  title={Comparative population genomics of maize domestication and improvement},
  author={Hufford, Matthew B and Xu, Xun and Van Heerwaarden, Joost and Pyh{\"a}j{\"a}rvi, Tanja and Chia, Jer-Ming and Cartwright, Reed A and Elshire, Robert J and Glaubitz, Jeffrey C and Guill, Kate E and Kaeppler, Shawn M and others},
  journal={Nature genetics},
  volume={44},
  number={7},
  pages={808},
  year={2012},
  publisher={Nature Publishing Group}
}

@article{bourne2017ten,
  title={Ten simple rules to consider regarding preprint submission},
  author={Bourne, Philip E and Polka, Jessica K and Vale, Ronald D and Kiley, Robert},
  journal={PLoS computational biology},
  volume={13},
  number={5},
  pages={e1005473},
  year={2017},
  publisher={Public Library of Science}
}